%YAML 1.1
%TAG !u! tag:unity3d.com,2011:
--- !u!1 &1326334475
GameObject:
  m_ObjectHideFlags: 0
  m_CorrespondingSourceObject: {fileID: 0}
  m_PrefabInstance: {fileID: 0}
  m_PrefabAsset: {fileID: 0}
  serializedVersion: 6
  m_Component:
  - component: {fileID: 1326334476}
  - component: {fileID: 1326334478}
  - component: {fileID: 1326334477}
  m_Layer: 5
  m_Name: Version
  m_TagString: Untagged
  m_Icon: {fileID: 0}
  m_NavMeshLayer: 0
  m_StaticEditorFlags: 0
  m_IsActive: 1
--- !u!4 &1326334476
Transform:
  m_ObjectHideFlags: 0
  m_CorrespondingSourceObject: {fileID: 0}
  m_PrefabInstance: {fileID: 0}
  m_PrefabAsset: {fileID: 0}
  m_GameObject: {fileID: 1326334475}
  m_LocalRotation: {x: 0.7071068, y: 0, z: 0, w: 0.7071068}
  m_LocalPosition: {x: 0.916, y: 0.025, z: -0.083}
  m_LocalScale: {x: 0.007, y: 0.007, z: 1}
  m_Children: []
  m_Father: {fileID: 5894036520132887079}
  m_RootOrder: 2
  m_LocalEulerAnglesHint: {x: 90, y: 0, z: 0}
--- !u!23 &1326334478
MeshRenderer:
  m_ObjectHideFlags: 0
  m_CorrespondingSourceObject: {fileID: 0}
  m_PrefabInstance: {fileID: 0}
  m_PrefabAsset: {fileID: 0}
  m_GameObject: {fileID: 1326334475}
  m_Enabled: 1
  m_CastShadows: 1
  m_ReceiveShadows: 1
  m_DynamicOccludee: 1
  m_MotionVectors: 1
  m_LightProbeUsage: 1
  m_ReflectionProbeUsage: 1
  m_RayTracingMode: 2
  m_RayTraceProcedural: 0
  m_RenderingLayerMask: 1
  m_RendererPriority: 0
  m_Materials:
  - {fileID: 10100, guid: 0000000000000000e000000000000000, type: 0}
  m_StaticBatchInfo:
    firstSubMesh: 0
    subMeshCount: 0
  m_StaticBatchRoot: {fileID: 0}
  m_ProbeAnchor: {fileID: 0}
  m_LightProbeVolumeOverride: {fileID: 0}
  m_ScaleInLightmap: 1
  m_ReceiveGI: 1
  m_PreserveUVs: 0
  m_IgnoreNormalsForChartDetection: 0
  m_ImportantGI: 0
  m_StitchLightmapSeams: 1
  m_SelectedEditorRenderState: 3
  m_MinimumChartSize: 4
  m_AutoUVMaxDistance: 0.5
  m_AutoUVMaxAngle: 89
  m_LightmapParameters: {fileID: 0}
  m_SortingLayerID: 0
  m_SortingLayer: 0
  m_SortingOrder: 0
  m_AdditionalVertexStreams: {fileID: 0}
--- !u!102 &1326334477
TextMesh:
  serializedVersion: 3
  m_ObjectHideFlags: 0
  m_CorrespondingSourceObject: {fileID: 0}
  m_PrefabInstance: {fileID: 0}
  m_PrefabAsset: {fileID: 0}
  m_GameObject: {fileID: 1326334475}
  m_Text: 2021.1.37b1
  m_OffsetZ: 0
  m_CharacterSize: 1
  m_LineSpacing: 1
  m_Anchor: 5
  m_Alignment: 2
  m_TabSize: 4
  m_FontSize: 70
  m_FontStyle: 0
  m_RichText: 1
  m_Font: {fileID: 0}
  m_Color:
    serializedVersion: 2
    rgba: 2130706432
--- !u!1 &2065274726
GameObject:
  m_ObjectHideFlags: 0
  m_CorrespondingSourceObject: {fileID: 0}
  m_PrefabInstance: {fileID: 0}
  m_PrefabAsset: {fileID: 0}
  serializedVersion: 6
  m_Component:
  - component: {fileID: 2065274727}
  - component: {fileID: 2065274729}
  - component: {fileID: 2065274728}
  m_Layer: 5
  m_Name: IP
  m_TagString: Untagged
  m_Icon: {fileID: 0}
  m_NavMeshLayer: 0
  m_StaticEditorFlags: 0
  m_IsActive: 1
--- !u!4 &2065274727
Transform:
  m_ObjectHideFlags: 0
  m_CorrespondingSourceObject: {fileID: 0}
  m_PrefabInstance: {fileID: 0}
  m_PrefabAsset: {fileID: 0}
  m_GameObject: {fileID: 2065274726}
  m_LocalRotation: {x: 0.7071068, y: 0, z: 0, w: 0.7071068}
  m_LocalPosition: {x: -0.881, y: 0.025, z: -0.082}
  m_LocalScale: {x: 0.007, y: 0.007, z: 1}
  m_Children: []
  m_Father: {fileID: 5894036520132887079}
  m_RootOrder: 1
  m_LocalEulerAnglesHint: {x: 90, y: 0, z: 0}
--- !u!23 &2065274729
MeshRenderer:
  m_ObjectHideFlags: 0
  m_CorrespondingSourceObject: {fileID: 0}
  m_PrefabInstance: {fileID: 0}
  m_PrefabAsset: {fileID: 0}
  m_GameObject: {fileID: 2065274726}
  m_Enabled: 1
  m_CastShadows: 1
  m_ReceiveShadows: 1
  m_DynamicOccludee: 1
  m_MotionVectors: 1
  m_LightProbeUsage: 1
  m_ReflectionProbeUsage: 1
  m_RayTracingMode: 2
  m_RayTraceProcedural: 0
  m_RenderingLayerMask: 1
  m_RendererPriority: 0
  m_Materials:
  - {fileID: 10100, guid: 0000000000000000e000000000000000, type: 0}
  m_StaticBatchInfo:
    firstSubMesh: 0
    subMeshCount: 0
  m_StaticBatchRoot: {fileID: 0}
  m_ProbeAnchor: {fileID: 0}
  m_LightProbeVolumeOverride: {fileID: 0}
  m_ScaleInLightmap: 1
  m_ReceiveGI: 1
  m_PreserveUVs: 0
  m_IgnoreNormalsForChartDetection: 0
  m_ImportantGI: 0
  m_StitchLightmapSeams: 1
  m_SelectedEditorRenderState: 3
  m_MinimumChartSize: 4
  m_AutoUVMaxDistance: 0.5
  m_AutoUVMaxAngle: 89
  m_LightmapParameters: {fileID: 0}
  m_SortingLayerID: 0
  m_SortingLayer: 0
  m_SortingOrder: 0
  m_AdditionalVertexStreams: {fileID: 0}
--- !u!102 &2065274728
TextMesh:
  serializedVersion: 3
  m_ObjectHideFlags: 0
  m_CorrespondingSourceObject: {fileID: 0}
  m_PrefabInstance: {fileID: 0}
  m_PrefabAsset: {fileID: 0}
  m_GameObject: {fileID: 2065274726}
  m_Text: 127.0.0.1:12343
  m_OffsetZ: 0
  m_CharacterSize: 1
  m_LineSpacing: 1
  m_Anchor: 3
  m_Alignment: 0
  m_TabSize: 4
  m_FontSize: 70
  m_FontStyle: 0
  m_RichText: 1
  m_Font: {fileID: 0}
  m_Color:
    serializedVersion: 2
    rgba: 2130706432
--- !u!114 &1598292178
MonoBehaviour:
  m_ObjectHideFlags: 0
  m_CorrespondingSourceObject: {fileID: 0}
  m_PrefabInstance: {fileID: 0}
  m_PrefabAsset: {fileID: 0}
  m_GameObject: {fileID: 5894036520132887078}
  m_Enabled: 1
  m_EditorHideFlags: 0
  m_Script: {fileID: 11500000, guid: 4c012d77d75993446ace3fe6e0a1aac7, type: 3}
  m_Name: 
  m_EditorClassIdentifier: 
  TitleText: {fileID: 443095619711272193}
  IPText: {fileID: 2065274728}
  VersionText: {fileID: 1326334477}
  StatusIcon: {fileID: 5559322497131543717}
  OKMaterial: {fileID: 2100000, guid: 39f828a47831c954a98e31e16e527e78, type: 2}
  ErrorMaterial: {fileID: 2100000, guid: 040ad8e7d5dc38943bb55d8ba9099051, type: 2}
--- !u!1 &5559322497131543717
GameObject:
  m_ObjectHideFlags: 0
  m_CorrespondingSourceObject: {fileID: 0}
  m_PrefabInstance: {fileID: 0}
  m_PrefabAsset: {fileID: 0}
  serializedVersion: 6
  m_Component:
  - component: {fileID: 4657783612936075330}
  - component: {fileID: 6997618939845666827}
  - component: {fileID: 1250482868073022282}
  - component: {fileID: 641575978790600531}
  m_Layer: 5
  m_Name: Symbol
  m_TagString: Untagged
  m_Icon: {fileID: 0}
  m_NavMeshLayer: 0
  m_StaticEditorFlags: 0
  m_IsActive: 1
--- !u!4 &4657783612936075330
Transform:
  m_ObjectHideFlags: 0
  m_CorrespondingSourceObject: {fileID: 0}
  m_PrefabInstance: {fileID: 0}
  m_PrefabAsset: {fileID: 0}
  m_GameObject: {fileID: 5559322497131543717}
  m_LocalRotation: {x: 0, y: 1, z: 0, w: 0}
  m_LocalPosition: {x: 0.908, y: 0.025, z: 0.049}
  m_LocalScale: {x: 0.007, y: 0.007, z: 0.005}
  m_Children: []
  m_Father: {fileID: 5894036520132887079}
  m_RootOrder: 3
  m_LocalEulerAnglesHint: {x: 0, y: 180, z: 0}
--- !u!33 &6997618939845666827
MeshFilter:
  m_ObjectHideFlags: 0
  m_CorrespondingSourceObject: {fileID: 0}
  m_PrefabInstance: {fileID: 0}
  m_PrefabAsset: {fileID: 0}
  m_GameObject: {fileID: 5559322497131543717}
  m_Mesh: {fileID: 10209, guid: 0000000000000000e000000000000000, type: 0}
--- !u!23 &1250482868073022282
MeshRenderer:
  m_ObjectHideFlags: 0
  m_CorrespondingSourceObject: {fileID: 0}
  m_PrefabInstance: {fileID: 0}
  m_PrefabAsset: {fileID: 0}
  m_GameObject: {fileID: 5559322497131543717}
  m_Enabled: 1
  m_CastShadows: 1
  m_ReceiveShadows: 1
  m_DynamicOccludee: 1
  m_MotionVectors: 1
  m_LightProbeUsage: 1
  m_ReflectionProbeUsage: 1
  m_RayTracingMode: 2
  m_RayTraceProcedural: 0
  m_RenderingLayerMask: 1
  m_RendererPriority: 0
  m_Materials:
  - {fileID: 2100000, guid: 040ad8e7d5dc38943bb55d8ba9099051, type: 2}
  m_StaticBatchInfo:
    firstSubMesh: 0
    subMeshCount: 0
  m_StaticBatchRoot: {fileID: 0}
  m_ProbeAnchor: {fileID: 0}
  m_LightProbeVolumeOverride: {fileID: 0}
  m_ScaleInLightmap: 1
  m_ReceiveGI: 1
  m_PreserveUVs: 0
  m_IgnoreNormalsForChartDetection: 0
  m_ImportantGI: 0
  m_StitchLightmapSeams: 1
  m_SelectedEditorRenderState: 3
  m_MinimumChartSize: 4
  m_AutoUVMaxDistance: 0.5
  m_AutoUVMaxAngle: 89
  m_LightmapParameters: {fileID: 0}
  m_SortingLayerID: 0
  m_SortingLayer: 0
  m_SortingOrder: 0
  m_AdditionalVertexStreams: {fileID: 0}
--- !u!64 &641575978790600531
MeshCollider:
  m_ObjectHideFlags: 0
  m_CorrespondingSourceObject: {fileID: 0}
  m_PrefabInstance: {fileID: 0}
  m_PrefabAsset: {fileID: 0}
  m_GameObject: {fileID: 5559322497131543717}
  m_Material: {fileID: 0}
  m_IsTrigger: 0
  m_Enabled: 1
  serializedVersion: 4
  m_Convex: 0
  m_CookingOptions: 30
  m_Mesh: {fileID: 10209, guid: 0000000000000000e000000000000000, type: 0}
--- !u!1001 &3552392741617887874
PrefabInstance:
  m_ObjectHideFlags: 0
  serializedVersion: 2
  m_Modification:
    m_TransformParent: {fileID: 0}
    m_Modifications:
    - target: {fileID: 1942354824564643998, guid: 8342ea0abeebae846b96e08a72d32fef,
        type: 3}
      propertyPath: m_LocalScale.x
      value: 2
      objectReference: {fileID: 0}
    - target: {fileID: 1942354824564643998, guid: 8342ea0abeebae846b96e08a72d32fef,
        type: 3}
      propertyPath: m_LocalScale.y
      value: 0.04
      objectReference: {fileID: 0}
    - target: {fileID: 1942354824564643998, guid: 8342ea0abeebae846b96e08a72d32fef,
        type: 3}
      propertyPath: m_LocalScale.z
      value: 0.25
      objectReference: {fileID: 0}
    - target: {fileID: 3993166192694226819, guid: 8342ea0abeebae846b96e08a72d32fef,
        type: 3}
      propertyPath: m_Text
      value: EDive server
      objectReference: {fileID: 0}
    - target: {fileID: 3993166192694226819, guid: 8342ea0abeebae846b96e08a72d32fef,
        type: 3}
      propertyPath: m_Anchor
      value: 3
      objectReference: {fileID: 0}
    - target: {fileID: 3993166192694226819, guid: 8342ea0abeebae846b96e08a72d32fef,
        type: 3}
      propertyPath: m_FontSize
      value: 70
      objectReference: {fileID: 0}
    - target: {fileID: 3993166192694226819, guid: 8342ea0abeebae846b96e08a72d32fef,
        type: 3}
      propertyPath: m_Alignment
      value: 0
      objectReference: {fileID: 0}
    - target: {fileID: 6706472019880619658, guid: 8342ea0abeebae846b96e08a72d32fef,
        type: 3}
      propertyPath: m_RootOrder
      value: 4
      objectReference: {fileID: 0}
    - target: {fileID: 6706472019880619658, guid: 8342ea0abeebae846b96e08a72d32fef,
        type: 3}
      propertyPath: m_LocalScale.x
      value: 0.01
      objectReference: {fileID: 0}
    - target: {fileID: 6706472019880619658, guid: 8342ea0abeebae846b96e08a72d32fef,
        type: 3}
      propertyPath: m_LocalScale.y
      value: 0.01
      objectReference: {fileID: 0}
    - target: {fileID: 6706472019880619658, guid: 8342ea0abeebae846b96e08a72d32fef,
        type: 3}
      propertyPath: m_LocalPosition.x
      value: -0.88
      objectReference: {fileID: 0}
    - target: {fileID: 6706472019880619658, guid: 8342ea0abeebae846b96e08a72d32fef,
        type: 3}
      propertyPath: m_LocalPosition.y
      value: 0.025
      objectReference: {fileID: 0}
    - target: {fileID: 6706472019880619658, guid: 8342ea0abeebae846b96e08a72d32fef,
        type: 3}
      propertyPath: m_LocalPosition.z
      value: 0.08
      objectReference: {fileID: 0}
    - target: {fileID: 6796666632747528220, guid: 8342ea0abeebae846b96e08a72d32fef,
        type: 3}
      propertyPath: m_Name
      value: Title
      objectReference: {fileID: 0}
    - target: {fileID: 6955651965778667684, guid: 8342ea0abeebae846b96e08a72d32fef,
        type: 3}
      propertyPath: m_Name
      value: ServerListButton
      objectReference: {fileID: 0}
    - target: {fileID: 6955651965778667685, guid: 8342ea0abeebae846b96e08a72d32fef,
        type: 3}
      propertyPath: m_RootOrder
      value: 0
      objectReference: {fileID: 0}
    - target: {fileID: 6955651965778667685, guid: 8342ea0abeebae846b96e08a72d32fef,
        type: 3}
      propertyPath: m_LocalScale.x
      value: 1
      objectReference: {fileID: 0}
    - target: {fileID: 6955651965778667685, guid: 8342ea0abeebae846b96e08a72d32fef,
        type: 3}
      propertyPath: m_LocalScale.y
      value: 1
      objectReference: {fileID: 0}
    - target: {fileID: 6955651965778667685, guid: 8342ea0abeebae846b96e08a72d32fef,
        type: 3}
      propertyPath: m_LocalScale.z
      value: 1
      objectReference: {fileID: 0}
    - target: {fileID: 6955651965778667685, guid: 8342ea0abeebae846b96e08a72d32fef,
        type: 3}
      propertyPath: m_LocalPosition.x
      value: 0
      objectReference: {fileID: 0}
    - target: {fileID: 6955651965778667685, guid: 8342ea0abeebae846b96e08a72d32fef,
        type: 3}
      propertyPath: m_LocalPosition.y
      value: 0
      objectReference: {fileID: 0}
    - target: {fileID: 6955651965778667685, guid: 8342ea0abeebae846b96e08a72d32fef,
        type: 3}
      propertyPath: m_LocalPosition.z
      value: 0
      objectReference: {fileID: 0}
    - target: {fileID: 6955651965778667685, guid: 8342ea0abeebae846b96e08a72d32fef,
        type: 3}
      propertyPath: m_LocalRotation.w
      value: 0.7071068
      objectReference: {fileID: 0}
    - target: {fileID: 6955651965778667685, guid: 8342ea0abeebae846b96e08a72d32fef,
        type: 3}
      propertyPath: m_LocalRotation.x
      value: -0.7071068
      objectReference: {fileID: 0}
    - target: {fileID: 6955651965778667685, guid: 8342ea0abeebae846b96e08a72d32fef,
        type: 3}
      propertyPath: m_LocalRotation.y
      value: -0
      objectReference: {fileID: 0}
    - target: {fileID: 6955651965778667685, guid: 8342ea0abeebae846b96e08a72d32fef,
        type: 3}
      propertyPath: m_LocalRotation.z
      value: -0
      objectReference: {fileID: 0}
    - target: {fileID: 6955651965778667685, guid: 8342ea0abeebae846b96e08a72d32fef,
        type: 3}
      propertyPath: m_LocalEulerAnglesHint.x
      value: 0
      objectReference: {fileID: 0}
    - target: {fileID: 6955651965778667685, guid: 8342ea0abeebae846b96e08a72d32fef,
        type: 3}
      propertyPath: m_LocalEulerAnglesHint.y
      value: 0
      objectReference: {fileID: 0}
    - target: {fileID: 6955651965778667685, guid: 8342ea0abeebae846b96e08a72d32fef,
        type: 3}
      propertyPath: m_LocalEulerAnglesHint.z
      value: 0
      objectReference: {fileID: 0}
    - target: {fileID: 6955651965778667686, guid: 8342ea0abeebae846b96e08a72d32fef,
        type: 3}
      propertyPath: m_Enabled
      value: 0
      objectReference: {fileID: 0}
    - target: {fileID: 6955651965778667687, guid: 8342ea0abeebae846b96e08a72d32fef,
        type: 3}
      propertyPath: m_Materials.Array.data[0]
      value: 
      objectReference: {fileID: 2100000, guid: d767e3dc1285d7e4994904113dea9583, type: 2}
    - target: {fileID: 6955651965778667689, guid: 8342ea0abeebae846b96e08a72d32fef,
        type: 3}
      propertyPath: m_SelectExited.m_PersistentCalls.m_Calls.Array.size
      value: 1
      objectReference: {fileID: 0}
    - target: {fileID: 6955651965778667689, guid: 8342ea0abeebae846b96e08a72d32fef,
        type: 3}
      propertyPath: m_SelectEntered.m_PersistentCalls.m_Calls.Array.size
      value: 0
      objectReference: {fileID: 0}
    - target: {fileID: 6955651965778667689, guid: 8342ea0abeebae846b96e08a72d32fef,
        type: 3}
      propertyPath: m_LastHoverExited.m_PersistentCalls.m_Calls.Array.size
      value: 1
      objectReference: {fileID: 0}
    - target: {fileID: 6955651965778667689, guid: 8342ea0abeebae846b96e08a72d32fef,
        type: 3}
      propertyPath: m_FirstHoverEntered.m_PersistentCalls.m_Calls.Array.size
      value: 1
      objectReference: {fileID: 0}
    - target: {fileID: 6955651965778667689, guid: 8342ea0abeebae846b96e08a72d32fef,
        type: 3}
      propertyPath: m_OnLastHoverExited.m_PersistentCalls.m_Calls.Array.size
      value: 0
      objectReference: {fileID: 0}
    - target: {fileID: 6955651965778667689, guid: 8342ea0abeebae846b96e08a72d32fef,
        type: 3}
      propertyPath: m_OnFirstHoverEntered.m_PersistentCalls.m_Calls.Array.size
      value: 0
      objectReference: {fileID: 0}
    - target: {fileID: 6955651965778667689, guid: 8342ea0abeebae846b96e08a72d32fef,
        type: 3}
      propertyPath: m_SelectExited.m_PersistentCalls.m_Calls.Array.data[0].m_Mode
      value: 1
      objectReference: {fileID: 0}
    - target: {fileID: 6955651965778667689, guid: 8342ea0abeebae846b96e08a72d32fef,
        type: 3}
      propertyPath: m_SelectExited.m_PersistentCalls.m_Calls.Array.data[1].m_Mode
      value: 6
      objectReference: {fileID: 0}
    - target: {fileID: 6955651965778667689, guid: 8342ea0abeebae846b96e08a72d32fef,
        type: 3}
      propertyPath: m_SelectEntered.m_PersistentCalls.m_Calls.Array.data[0].m_Mode
      value: 1
      objectReference: {fileID: 0}
    - target: {fileID: 6955651965778667689, guid: 8342ea0abeebae846b96e08a72d32fef,
        type: 3}
      propertyPath: m_SelectExited.m_PersistentCalls.m_Calls.Array.data[0].m_Target
      value: 
      objectReference: {fileID: 1598292178}
    - target: {fileID: 6955651965778667689, guid: 8342ea0abeebae846b96e08a72d32fef,
        type: 3}
      propertyPath: m_SelectExited.m_PersistentCalls.m_Calls.Array.data[1].m_Target
      value: 
      objectReference: {fileID: 5894036520132887078}
    - target: {fileID: 6955651965778667689, guid: 8342ea0abeebae846b96e08a72d32fef,
        type: 3}
      propertyPath: m_LastHoverExited.m_PersistentCalls.m_Calls.Array.data[0].m_Mode
      value: 1
      objectReference: {fileID: 0}
    - target: {fileID: 6955651965778667689, guid: 8342ea0abeebae846b96e08a72d32fef,
        type: 3}
      propertyPath: m_SelectEntered.m_PersistentCalls.m_Calls.Array.data[0].m_Target
      value: 
      objectReference: {fileID: 0}
    - target: {fileID: 6955651965778667689, guid: 8342ea0abeebae846b96e08a72d32fef,
        type: 3}
      propertyPath: m_FirstHoverEntered.m_PersistentCalls.m_Calls.Array.data[0].m_Mode
      value: 1
      objectReference: {fileID: 0}
    - target: {fileID: 6955651965778667689, guid: 8342ea0abeebae846b96e08a72d32fef,
        type: 3}
      propertyPath: m_LastHoverExited.m_PersistentCalls.m_Calls.Array.data[0].m_Target
      value: 
      objectReference: {fileID: 1644514252982620236}
    - target: {fileID: 6955651965778667689, guid: 8342ea0abeebae846b96e08a72d32fef,
        type: 3}
      propertyPath: m_SelectExited.m_PersistentCalls.m_Calls.Array.data[0].m_CallState
      value: 2
      objectReference: {fileID: 0}
    - target: {fileID: 6955651965778667689, guid: 8342ea0abeebae846b96e08a72d32fef,
        type: 3}
      propertyPath: m_SelectExited.m_PersistentCalls.m_Calls.Array.data[1].m_CallState
      value: 2
      objectReference: {fileID: 0}
    - target: {fileID: 6955651965778667689, guid: 8342ea0abeebae846b96e08a72d32fef,
        type: 3}
      propertyPath: m_SelectEntered.m_PersistentCalls.m_Calls.Array.data[0].m_CallState
      value: 2
      objectReference: {fileID: 0}
    - target: {fileID: 6955651965778667689, guid: 8342ea0abeebae846b96e08a72d32fef,
        type: 3}
      propertyPath: m_SelectExited.m_PersistentCalls.m_Calls.Array.data[0].m_MethodName
      value: OnClick
      objectReference: {fileID: 0}
    - target: {fileID: 6955651965778667689, guid: 8342ea0abeebae846b96e08a72d32fef,
        type: 3}
      propertyPath: m_SelectExited.m_PersistentCalls.m_Calls.Array.data[1].m_MethodName
      value: SetActive
      objectReference: {fileID: 0}
    - target: {fileID: 6955651965778667689, guid: 8342ea0abeebae846b96e08a72d32fef,
        type: 3}
      propertyPath: m_FirstHoverEntered.m_PersistentCalls.m_Calls.Array.data[0].m_Target
      value: 
      objectReference: {fileID: 1644514252982620236}
    - target: {fileID: 6955651965778667689, guid: 8342ea0abeebae846b96e08a72d32fef,
        type: 3}
      propertyPath: m_SelectEntered.m_PersistentCalls.m_Calls.Array.data[0].m_MethodName
      value: SetIP
      objectReference: {fileID: 0}
    - target: {fileID: 6955651965778667689, guid: 8342ea0abeebae846b96e08a72d32fef,
        type: 3}
      propertyPath: m_LastHoverExited.m_PersistentCalls.m_Calls.Array.data[0].m_CallState
      value: 2
      objectReference: {fileID: 0}
    - target: {fileID: 6955651965778667689, guid: 8342ea0abeebae846b96e08a72d32fef,
        type: 3}
      propertyPath: m_LastHoverExited.m_PersistentCalls.m_Calls.Array.data[0].m_MethodName
      value: Unhighlight
      objectReference: {fileID: 0}
    - target: {fileID: 6955651965778667689, guid: 8342ea0abeebae846b96e08a72d32fef,
        type: 3}
      propertyPath: m_FirstHoverEntered.m_PersistentCalls.m_Calls.Array.data[0].m_CallState
      value: 2
      objectReference: {fileID: 0}
    - target: {fileID: 6955651965778667689, guid: 8342ea0abeebae846b96e08a72d32fef,
        type: 3}
      propertyPath: m_FirstHoverEntered.m_PersistentCalls.m_Calls.Array.data[0].m_MethodName
      value: Higlight
      objectReference: {fileID: 0}
    - target: {fileID: 6955651965778667689, guid: 8342ea0abeebae846b96e08a72d32fef,
        type: 3}
      propertyPath: m_SelectExited.m_PersistentCalls.m_Calls.Array.data[1].m_Arguments.m_BoolArgument
      value: 1
      objectReference: {fileID: 0}
    - target: {fileID: 6955651965778667689, guid: 8342ea0abeebae846b96e08a72d32fef,
        type: 3}
      propertyPath: m_SelectEntered.m_PersistentCalls.m_Calls.Array.data[0].m_Arguments.m_StringArgument
      value: 
      objectReference: {fileID: 0}
    - target: {fileID: 6955651965778667689, guid: 8342ea0abeebae846b96e08a72d32fef,
        type: 3}
      propertyPath: m_SelectExited.m_PersistentCalls.m_Calls.Array.data[0].m_Arguments.m_ObjectArgumentAssemblyTypeName
      value: UnityEngine.Object, UnityEngine
      objectReference: {fileID: 0}
    - target: {fileID: 6955651965778667689, guid: 8342ea0abeebae846b96e08a72d32fef,
        type: 3}
      propertyPath: m_SelectExited.m_PersistentCalls.m_Calls.Array.data[1].m_Arguments.m_ObjectArgumentAssemblyTypeName
      value: UnityEngine.Object, UnityEngine
      objectReference: {fileID: 0}
    - target: {fileID: 6955651965778667689, guid: 8342ea0abeebae846b96e08a72d32fef,
        type: 3}
      propertyPath: m_SelectEntered.m_PersistentCalls.m_Calls.Array.data[0].m_Arguments.m_ObjectArgumentAssemblyTypeName
      value: UnityEngine.Object, UnityEngine
      objectReference: {fileID: 0}
    - target: {fileID: 6955651965778667689, guid: 8342ea0abeebae846b96e08a72d32fef,
        type: 3}
      propertyPath: m_LastHoverExited.m_PersistentCalls.m_Calls.Array.data[0].m_Arguments.m_ObjectArgumentAssemblyTypeName
      value: UnityEngine.Object, UnityEngine
      objectReference: {fileID: 0}
    - target: {fileID: 6955651965778667689, guid: 8342ea0abeebae846b96e08a72d32fef,
        type: 3}
      propertyPath: m_FirstHoverEntered.m_PersistentCalls.m_Calls.Array.data[0].m_Arguments.m_ObjectArgumentAssemblyTypeName
      value: UnityEngine.Object, UnityEngine
      objectReference: {fileID: 0}
    m_RemovedComponents: []
  m_SourcePrefab: {fileID: 100100000, guid: 8342ea0abeebae846b96e08a72d32fef, type: 3}
--- !u!1 &5894036520132887078 stripped
GameObject:
  m_CorrespondingSourceObject: {fileID: 6955651965778667684, guid: 8342ea0abeebae846b96e08a72d32fef,
    type: 3}
  m_PrefabInstance: {fileID: 3552392741617887874}
  m_PrefabAsset: {fileID: 0}
--- !u!4 &5894036520132887079 stripped
Transform:
  m_CorrespondingSourceObject: {fileID: 6955651965778667685, guid: 8342ea0abeebae846b96e08a72d32fef,
    type: 3}
  m_PrefabInstance: {fileID: 3552392741617887874}
  m_PrefabAsset: {fileID: 0}
--- !u!114 &1644514252982620236 stripped
MonoBehaviour:
  m_CorrespondingSourceObject: {fileID: 2854964819622623950, guid: 8342ea0abeebae846b96e08a72d32fef,
    type: 3}
  m_PrefabInstance: {fileID: 3552392741617887874}
  m_PrefabAsset: {fileID: 0}
  m_GameObject: {fileID: 5894036520132887078}
  m_Enabled: 1
  m_EditorHideFlags: 0
  m_Script: {fileID: 11500000, guid: 2acd168bca4d538418f033f8ca3dece8, type: 3}
  m_Name: 
  m_EditorClassIdentifier: 
--- !u!102 &443095619711272193 stripped
TextMesh:
  m_CorrespondingSourceObject: {fileID: 3993166192694226819, guid: 8342ea0abeebae846b96e08a72d32fef,
    type: 3}
  m_PrefabInstance: {fileID: 3552392741617887874}
  m_PrefabAsset: {fileID: 0}
