%YAML 1.1
%TAG !u! tag:unity3d.com,2011:
--- !u!1 &6725466709495585934
GameObject:
  m_ObjectHideFlags: 0
  m_CorrespondingSourceObject: {fileID: 0}
  m_PrefabInstance: {fileID: 0}
  m_PrefabAsset: {fileID: 0}
  serializedVersion: 6
  m_Component:
  - component: {fileID: 6667569944102863061}
  - component: {fileID: 7489732122308796546}
  - component: {fileID: 3380396643916406083}
  - component: {fileID: 676650808403401613}
  m_Layer: 5
  m_Name: NetworkedButton
  m_TagString: Untagged
  m_Icon: {fileID: 0}
  m_NavMeshLayer: 0
  m_StaticEditorFlags: 0
  m_IsActive: 1
--- !u!4 &6667569944102863061
Transform:
  m_ObjectHideFlags: 0
  m_CorrespondingSourceObject: {fileID: 0}
  m_PrefabInstance: {fileID: 0}
  m_PrefabAsset: {fileID: 0}
  m_GameObject: {fileID: 6725466709495585934}
  m_LocalRotation: {x: 0, y: 0, z: 0, w: 1}
  m_LocalPosition: {x: 0, y: 0, z: 0}
  m_LocalScale: {x: 1, y: 1, z: 1}
  m_Children:
  - {fileID: 8535791193079168189}
  m_Father: {fileID: 0}
  m_RootOrder: 0
  m_LocalEulerAnglesHint: {x: 0, y: 0, z: 0}
--- !u!114 &7489732122308796546
MonoBehaviour:
  m_ObjectHideFlags: 0
  m_CorrespondingSourceObject: {fileID: 0}
  m_PrefabInstance: {fileID: 0}
  m_PrefabAsset: {fileID: 0}
  m_GameObject: {fileID: 6725466709495585934}
  m_Enabled: 1
  m_EditorHideFlags: 0
  m_Script: {fileID: 11500000, guid: 9b91ecbcc199f4492b9a91e820070131, type: 3}
  m_Name: 
  m_EditorClassIdentifier: 
  sceneId: 0
  serverOnly: 0
  visible: 0
  m_AssetId: 
  hasSpawned: 0
--- !u!114 &3380396643916406083
MonoBehaviour:
  m_ObjectHideFlags: 0
  m_CorrespondingSourceObject: {fileID: 0}
  m_PrefabInstance: {fileID: 0}
  m_PrefabAsset: {fileID: 0}
  m_GameObject: {fileID: 6725466709495585934}
  m_Enabled: 1
  m_EditorHideFlags: 0
  m_Script: {fileID: 11500000, guid: 57c68c4501c8b484c9dbf8290703e509, type: 3}
  m_Name: 
  m_EditorClassIdentifier: 
  syncMode: 0
  syncInterval: 0.1
  simpleInteractable: {fileID: 8535791193079168177}
  auth: {fileID: 676650808403401613}
  Net_SelectExited:
    m_PersistentCalls:
      m_Calls: []
  Client_SelectExitedRPC:
    m_PersistentCalls:
      m_Calls: []
  TargetClient_SelectExitedRPC:
    m_PersistentCalls:
      m_Calls: []
  Server_SelectExited:
    m_PersistentCalls:
      m_Calls: []
--- !u!114 &676650808403401613
MonoBehaviour:
  m_ObjectHideFlags: 0
  m_CorrespondingSourceObject: {fileID: 0}
  m_PrefabInstance: {fileID: 0}
  m_PrefabAsset: {fileID: 0}
  m_GameObject: {fileID: 6725466709495585934}
  m_Enabled: 1
  m_EditorHideFlags: 0
  m_Script: {fileID: 11500000, guid: 8a612153a90d18d47905386905d391eb, type: 3}
  m_Name: 
  m_EditorClassIdentifier: 
  syncMode: 0
  syncInterval: 0.1
  checkRoleAuthorization: 1
  disableUnauthorizedObjectsOnClient: 1
  allowedRoles:
  - teacher
  objectsToDisable:
  - {fileID: 1989848121756374404}
--- !u!1001 &1653463460112503832
PrefabInstance:
  m_ObjectHideFlags: 0
  serializedVersion: 2
  m_Modification:
    m_TransformParent: {fileID: 6667569944102863061}
    m_Modifications:
    - target: {fileID: 6955651965778667684, guid: 8342ea0abeebae846b96e08a72d32fef,
        type: 3}
      propertyPath: m_Name
      value: Button
      objectReference: {fileID: 0}
    - target: {fileID: 6955651965778667685, guid: 8342ea0abeebae846b96e08a72d32fef,
        type: 3}
      propertyPath: m_RootOrder
      value: 0
      objectReference: {fileID: 0}
    - target: {fileID: 6955651965778667685, guid: 8342ea0abeebae846b96e08a72d32fef,
        type: 3}
      propertyPath: m_LocalScale.x
      value: 1
      objectReference: {fileID: 0}
    - target: {fileID: 6955651965778667685, guid: 8342ea0abeebae846b96e08a72d32fef,
        type: 3}
      propertyPath: m_LocalScale.y
      value: 1
      objectReference: {fileID: 0}
    - target: {fileID: 6955651965778667685, guid: 8342ea0abeebae846b96e08a72d32fef,
        type: 3}
      propertyPath: m_LocalScale.z
      value: 1
      objectReference: {fileID: 0}
    - target: {fileID: 6955651965778667685, guid: 8342ea0abeebae846b96e08a72d32fef,
        type: 3}
      propertyPath: m_LocalPosition.x
      value: 0
      objectReference: {fileID: 0}
    - target: {fileID: 6955651965778667685, guid: 8342ea0abeebae846b96e08a72d32fef,
        type: 3}
      propertyPath: m_LocalPosition.y
      value: 0
      objectReference: {fileID: 0}
    - target: {fileID: 6955651965778667685, guid: 8342ea0abeebae846b96e08a72d32fef,
        type: 3}
      propertyPath: m_LocalPosition.z
      value: 0
      objectReference: {fileID: 0}
    - target: {fileID: 6955651965778667685, guid: 8342ea0abeebae846b96e08a72d32fef,
        type: 3}
      propertyPath: m_LocalRotation.w
      value: 1
      objectReference: {fileID: 0}
    - target: {fileID: 6955651965778667685, guid: 8342ea0abeebae846b96e08a72d32fef,
        type: 3}
      propertyPath: m_LocalRotation.x
      value: -0
      objectReference: {fileID: 0}
    - target: {fileID: 6955651965778667685, guid: 8342ea0abeebae846b96e08a72d32fef,
        type: 3}
      propertyPath: m_LocalRotation.y
      value: -0
      objectReference: {fileID: 0}
    - target: {fileID: 6955651965778667685, guid: 8342ea0abeebae846b96e08a72d32fef,
        type: 3}
      propertyPath: m_LocalRotation.z
      value: -0
      objectReference: {fileID: 0}
    - target: {fileID: 6955651965778667685, guid: 8342ea0abeebae846b96e08a72d32fef,
        type: 3}
      propertyPath: m_LocalEulerAnglesHint.x
      value: 0
      objectReference: {fileID: 0}
    - target: {fileID: 6955651965778667685, guid: 8342ea0abeebae846b96e08a72d32fef,
        type: 3}
      propertyPath: m_LocalEulerAnglesHint.y
      value: 0
      objectReference: {fileID: 0}
    - target: {fileID: 6955651965778667685, guid: 8342ea0abeebae846b96e08a72d32fef,
        type: 3}
      propertyPath: m_LocalEulerAnglesHint.z
      value: 0
      objectReference: {fileID: 0}
    m_RemovedComponents:
    - {fileID: 8411831139417660932, guid: 8342ea0abeebae846b96e08a72d32fef, type: 3}
  m_SourcePrefab: {fileID: 100100000, guid: 8342ea0abeebae846b96e08a72d32fef, type: 3}
--- !u!4 &8535791193079168189 stripped
Transform:
  m_CorrespondingSourceObject: {fileID: 6955651965778667685, guid: 8342ea0abeebae846b96e08a72d32fef,
    type: 3}
  m_PrefabInstance: {fileID: 1653463460112503832}
  m_PrefabAsset: {fileID: 0}
--- !u!114 &8535791193079168177 stripped
MonoBehaviour:
  m_CorrespondingSourceObject: {fileID: 6955651965778667689, guid: 8342ea0abeebae846b96e08a72d32fef,
    type: 3}
  m_PrefabInstance: {fileID: 1653463460112503832}
  m_PrefabAsset: {fileID: 0}
  m_GameObject: {fileID: 0}
  m_Enabled: 1
  m_EditorHideFlags: 0
  m_Script: {fileID: 11500000, guid: 8a35f6cfbfba9b548aaa00d52cfe8a50, type: 3}
  m_Name: 
  m_EditorClassIdentifier: 
--- !u!1 &1989848121756374404 stripped
GameObject:
  m_CorrespondingSourceObject: {fileID: 968014518277652892, guid: 8342ea0abeebae846b96e08a72d32fef,
    type: 3}
  m_PrefabInstance: {fileID: 1653463460112503832}
  m_PrefabAsset: {fileID: 0}
